<mx:record xmlns="http://www.w3.org/TR/xhtml1/strict" xmlns:mx="http://www.loc.gov/MARC21/slim" xmlns:xsi="http://www.w3.org/2001/XMLSchema-instance"><mx:leader>00000cz   2200000n  4500</mx:leader><mx:controlfield tag="001">oca00669372 </mx:controlfield><mx:controlfield tag="005">20040319162958.0</mx:controlfield><mx:controlfield tag="008">811210n| acannaabn          |a aaa      </mx:controlfield><mx:datafield ind1=" " ind2=" " tag="010"><mx:subfield code="a">n  81124456 </mx:subfield></mx:datafield><mx:datafield ind1=" " ind2=" " tag="040"><mx:subfield code="a">DLC</mx:subfield><mx:subfield code="b">eng</mx:subfield><mx:subfield code="c">DLC</mx:subfield><mx:subfield code="d">DLC</mx:subfield><mx:subfield code="d">DLC-R</mx:subfield></mx:datafield><mx:datafield ind1="0" ind2=" " tag="100"><mx:subfield code="a">Porphyry,</mx:subfield><mx:subfield code="d">ca. 234-ca. 305</mx:subfield></mx:datafield><mx:datafield ind1="0" ind2=" " tag="400"><mx:subfield code="a">Porphyrios,</mx:subfield><mx:subfield code="d">ca. 234-ca. 305</mx:subfield></mx:datafield><mx:datafield ind1="0" ind2=" " tag="400"><mx:subfield code="a">Porphyrius</mx:subfield><mx:subfield code="w">nnaa</mx:subfield></mx:datafield><mx:datafield ind1="0" ind2=" " tag="400"><mx:subfield code="a">Porphyrius,</mx:subfield><mx:subfield code="d">ca. 234-ca. 305</mx:subfield></mx:datafield><mx:datafield ind1="0" ind2=" " tag="400"><mx:subfield code="a">Porfirio,</mx:subfield><mx:subfield code="c">di Tiro,</mx:subfield><mx:subfield code="d">ca. 234-ca. 305</mx:subfield></mx:datafield><mx:datafield ind1="0" ind2=" " tag="400"><mx:subfield code="a">Malchus,</mx:subfield><mx:subfield code="d">ca. 234-ca. 305</mx:subfield></mx:datafield><mx:datafield ind1="0" ind2=" " tag="400"><mx:subfield code="a">Porphyre,</mx:subfield><mx:subfield code="d">ca. 234-ca. 305</mx:subfield></mx:datafield><mx:datafield ind1="0" ind2=" " tag="400"><mx:subfield code="a">Porphyry,</mx:subfield><mx:subfield code="c">the Phoenician,</mx:subfield><mx:subfield code="d">ca. 234-ca. 305</mx:subfield></mx:datafield><mx:datafield ind1="0" ind2=" " tag="400"><mx:subfield code="a">Porfiryus,</mx:subfield><mx:subfield code="d">ca. 234-ca. 305</mx:subfield></mx:datafield><mx:datafield ind1=" " ind2=" " tag="670"><mx:subfield code="a">Romano, F. Porfirio di Tiro, 1979 (subj.)</mx:subfield><mx:subfield code="b">t.p. (Porfirio di Tiro) p. 105-107 (prob. b. in Tyre, 233-4 B.C.; d. ca. 305)</mx:subfield></mx:datafield><mx:datafield ind1=" " ind2=" " tag="670"><mx:subfield code="a">Encyc. Brit., 15th ed.</mx:subfield><mx:subfield code="b">(Porphyry, b. ca. AD 234 Tyre or Blatanaea, Palestine-d. ca. 305 Rome? orig. Syrian name, Malchus)</mx:subfield></mx:datafield><mx:datafield ind1=" " ind2=" " tag="670"><mx:subfield code="a">Collier's encyc.:</mx:subfield><mx:subfield code="b">v. 17, p. 297 (Porphyry, d. 301)</mx:subfield></mx:datafield><mx:datafield ind1=" " ind2=" " tag="670"><mx:subfield code="a">His La vie de Plotin, 1982- :</mx:subfield><mx:subfield code="b">v. 1, t.p. (Porphyre)</mx:subfield></mx:datafield><mx:datafield ind1=" " ind2=" " tag="670"><mx:subfield code="a">His Lettera ad Anebo, 1982:</mx:subfield><mx:subfield code="b">t.p. (Porfirio; Porphyriou)</mx:subfield></mx:datafield><mx:datafield ind1=" " ind2=" " tag="670"><mx:subfield code="a">Five texts on the mediaeval problem of universals, c1994:</mx:subfield><mx:subfield code="b">CIP t.p. (Porphyry) table of contents (Porphyry the Phoenician)</mx:subfield></mx:datafield><mx:datafield ind1=" " ind2=" " tag="670"><mx:subfield code="a">ha-Yahadut ṿeha-Natsrut bi-reʾi ha-pulmus ha-pagani, 1991:</mx:subfield><mx:subfield code="b">t.p. (Porfiryus) added t.p. (Porphyrius [in rom.])</mx:subfield></mx:datafield><mx:datafield ind1=" " ind2=" " tag="999"><mx:subfield code="a">137307.6709</mx:subfield></mx:datafield></mx:record>